@article{finland2015use,
    title={Use of information and communications technology by individuals},
    author={Finland, Statistics},
    journal={Helsinki: Statistics Finland. Retrieved June},
    volume={8},
    pages={2016},
    year={2015}
}
@article{khaldarova2012publication,
    title={of the Publication: Type of the Publication},
    author={Khaldarova, Irina and Laaksonen, Salla-Maaria and Matikainen, Janne},
    journal={series: Media and Communication Studies Research Reports 3/2012},
    year={2012},
    publisher={Communication Research Centre CRC, Department of Social Research, University~â€¦}
}
@article{thackeray2008enhancing,
    title={Enhancing promotional strategies within social marketing programs: use of Web 2.0 social media},
    author={Thackeray, Rosemary and Neiger, Brad L and Hanson, Carl L and McKenzie, James F},
    journal={Health promotion practice},
    volume={9},
    number={4},
    pages={338--343},
    year={2008},
    publisher={Sage Publications Sage CA: Los Angeles, CA}
}
@article{ventola2014social,
    title={Social media and health care professionals: benefits, risks, and best practices},
    author={Ventola, C Lee},
    journal={Pharmacy and Therapeutics},
    volume={39},
    number={7},
    pages={491},
    year={2014},
    publisher={MediMedia, USA}
}
@article{prochaska2017social,
    title={Social media and mobile technology for cancer prevention and treatment},
    author={Prochaska, Judith J and Coughlin, Steven S and Lyons, Elizabeth J},
    journal={American Society of Clinical Oncology Educational Book},
    volume={37},
    pages={128--137},
    year={2017},
    publisher={American Society of Clinical Oncology Alexandria, VA}
}
@inproceedings{bird2004nltk,
    title={NLTK: the natural language toolkit},
    author={Bird, Steven and Loper, Edward},
    booktitle={Proceedings of the ACL 2004 on Interactive poster and demonstration sessions},
    pages={31},
    year={2004},
    organization={Association for Computational Linguistics}
}
@article{qiu2014topic,
    title={Topic words analysis based on LDA model},
    author={Qiu, Xi and Stewart, Christopher},
    journal={arXiv preprint arXiv:1405.3726},
    year={2014}
}
@article{aiken2011analysis,
    title={An analysis of Google Translate accuracy},
    author={Aiken, Milam and Balan, Shilpa},
    journal={Translation journal},
    volume={16},
    number={2},
    pages={1--3},
    year={2011}
}.
@article{al2013polyglot,
    title={Polyglot: Distributed word representations for multilingual nlp},
    author={Al-Rfou, Rami and Perozzi, Bryan and Skiena, Steven},
    journal={arXiv preprint arXiv:1307.1662},
    year={2013}
}
@inproceedings{al2015polyglot,
    title={Polyglot-NER: Massive multilingual named entity recognition},
    author={Al-Rfou, Rami and Kulkarni, Vivek and Perozzi, Bryan and Skiena, Steven},
    booktitle={Proceedings of the 2015 SIAM International Conference on Data Mining},
    pages={586--594},
    year={2015},
    organization={SIAM}
}
@inproceedings{manning2014stanford,
    title={The Stanford CoreNLP natural language processing toolkit},
    author={Manning, Christopher and Surdeanu, Mihai and Bauer, John and Finkel, Jenny and Bethard, Steven and McClosky, David},
    booktitle={Proceedings of 52nd annual meeting of the association for computational linguistics: system demonstrations},
    pages={55--60},
    year={2014}
}
@article{kanerva2018turku,
    title={Turku Neural Parser Pipeline: An End-to-End System for the CoNLL 2018 Shared Task},
    author={Kanerva, Jenna and Ginter, Filip and Miekka, Niko and Leino, Akseli and Salakoski, Tapio},
    journal={Proceedings of the CoNLL 2018 Shared Task: Multilingual Parsing from Raw Text to Universal Dependencies},
    pages={133--142},
    year={2018}
}
